@inbook{Heckman76,
 title = "The Common Structure of Statistical Models of Truncation, Sample Selection and Limited Dependent Variables and a Simple Estimator for Such Models",
 author = "James J. Heckman",
 BookTitle = "Annals of Economic and Social Measurement, Volume 5, number 4",
 Publisher = "NBER",
 pages = "475-492",
 year = "1976",
 month = "October",
 URL = "http://www.nber.org/chapters/c10491",
}

@article{Heckman74,
 ISSN = {00129682, 14680262},
 URL = {http://www.jstor.org/stable/1913937},
 author = {James Heckman},
 journal = {Econometrica},
 number = {4},
 pages = {679--694},
 publisher = {[Wiley, Econometric Society]},
 title = {Shadow Prices, Market Wages, and Labor Supply},
 urldate = {2022-09-19},
 volume = {42},
 year = {1974}
}

